@incollection{cpp_docs,
        title = {C++ Dokument치ci칩},
	year = {2020},
	url = {https://en.cppreference.com/w/},
}

@incollection{qt_docs,
	title = {Qt Dokument치ci칩},
	year = {2023},
	url = {https://doc.qt.io/},
}